% !TeX spellcheck = ru_RU

@online{degann,
    author = {Г. Алимпов П.},
    title = {Пакет нейросетевой аппроксимации дифференциальных уравнений},
    url = {https://github.com/Krekep/degann},
    language = {russian}
}

@article{Goodfellow,
    title={Deep Learning},
    journal = {MIT},
    author={Ian Goodfellow and Yoshua Bengio and Aaron Courville},
    publisher={MIT Press},
    note={\url{http://www.deeplearningbook.org}},
    year={2016}
}

@article{gru,
    title={Gated Recurrent Unit },
    journal = {scaler},
    author={Cathrine Jeeva},
    publisher={scaler Press},
    note={\url{https://www.scaler.com/topics/deep-learning/gru-network/#topic-challenge-container-578866}},
    year={4 May 2023}
}


@article{IBM_RNN,
    title={Recurrent Neural Network},
    journal = {IBM},
    author={Cole Stryker},
    publisher={IBM Press},
    note={\url{https://www.ibm.com/topics/recurrent-neural-networks}},
    year={4 October, 2024}
}
@online{tfgru,
    author = {tensorflow.org},
    title = {Документация к втроенным слоям GRU в tf},
    url = {https://www.tensorflow.org/api_docs/python/tf/keras/layers/GRU},
    language = {russian}
}

@article{tensorflowDoc,
    title={Документация к tensorflow},
    author={Haiping Chen},
    journal = {TFnet},
    publisher={TensorFlow.Net},
    note={\url{https://tensorflownet.readthedocs.io/en/latest/}},
    year={2019}
}

@article{lstm,
    title={A Review on the Long Short-Term Memory Model},
    author={Carlos Mosquera, Greg Van Houdt, Gonzalo Nápoles},
    journal={researchgate},
    note={\url{https://www.researchgate.net/publication/340493274_A_Review_on_the_Long_Short-Term_Memory_Model}},
    year={December 2020}
}

@book{HOML,
    author = {Géron, A.},
    title = {Hands-On Machine Learning with Scikit-Learn, Keras, and TensorFlow},
    year = {2019},
    isbn = {000},
    publisher = {O'Reilly Media},
    address = {USA},
}

@article{adam,
    title={Optimizing Time Series Forecasting: A Comparative Study of Adam},
    author={Ahmad Makinde},
    journal={ar5iv},
    note={\url{https://ar5iv.org/html/2410.01843}},
    year={5 Nov 2024}
}