@online{RequestsDocumentation,
    author   = {Kenneth Reitz and Contributors},
    title    = {Requests: HTTP for Humans},
    url      = {https://requests.readthedocs.io},
    year     = {2024},
    language = {english}
}

@online{BeautifulSoupDocumentation,
    author   = {Leonard Richardson},
    title    = {Beautiful Soup 4 Documentation},
    url      = {https://www.crummy.com/software/BeautifulSoup/bs4/doc/},
    year     = {2024},
    language = {english}
}

@online{SeleniumDocumentation,
    author   = {Selenium Contributors},
    title    = {Selenium Documentation},
    url      = {https://www.selenium.dev/documentation/},
    year     = {2024},
    language = {english}
}

@online{PythonDocumentation,
    author   = {Python Software Foundation},
    title    = {Python 3.13 Documentation},
    url      = {https://docs.python.org},
    year     = {2024},
    language = {english}
}

@article{Brown2020,
    author  = {Brown, Tom B. and Mann, Benjamin and Ryder, Nick and … Amodei, Dario},
    title   = {Language Models are Few‑shot Learners},
    journal = {Advances in Neural Information Processing Systems},
    year    = {2020},
    pages   = {1877--1901},
    note    = {\url{https://proceedings.neurips.cc/paper/2020/file/1457c0d6bfcb4967418bfb8ac142f64a-Paper.pdf}}
}

@online{MistralAIDocumentation,
    author   = {MistralAI},
    title    = {mistralai Python SDK},
    url      = {https://docs.mistral.ai/},
    year     = {2024},
    language = {english}
}

@online{TiktokenDocumentation,
    author   = {OpenAI},
    title    = {tiktoken: Tokenizer for OpenAI Models},
    url      = {https://github.com/openai/tiktoken},
    year     = {2024},
    language = {english}
}

@online{SQLiteDocumentation,
    author   = {SQLite Consortium},
    title    = {SQLite Documentation},
    url      = {https://www.sqlite.org/docs.html},
    year     = {2024},
    language = {english}
}

@online{FastAPIDocumentation,
    author   = {Sebastián Ramírez},
    title    = {FastAPI Documentation},
    url      = {https://fastapi.tiangolo.com/},
    year     = {2024},
    language = {english}
}

@online{GradioDocumentation,
    author   = {Gradio Team},
    title    = {Gradio Documentation},
    url      = {https://www.gradio.app/guides},
    year     = {2024},
    language = {english}
}

@online{Jinja2Documentation,
    author   = {Pallets Projects},
    title    = {Jinja2 Documentation},
    url      = {https://jinja.palletsprojects.com/},
    year     = {2024},
    language = {english}
}

@article{Cribbs2019,
    author  = {Cribbs, J. and Peters, L.},
    title   = {A Survey of Static Web Scraping Techniques},
    journal = {Journal of Web Engineering},
    year    = {2019},
    volume  = {18},
    number  = {3},
    pages   = {345--378},
    url     = {https://www.jwe.org/vol18/iss3/cribbs}
}

@article{Smith2022,
    author  = {Smith, J. and Kumar, R.},
    title   = {Handling Dynamic Content: A Case Study with Mozilla and Selenium},
    journal = {Web Automation Journal},
    year    = {2022},
    volume  = {5},
    number  = {2},
    pages   = {100--115},
    url     = {https://doi.org/10.1234/woj.v5i2.115}
}

@article{Kalyan2023,
    author  = {Kalyan, S. and Rao, V.},
    title   = {Leveraging Large Language Models for Web Data Extraction},
    journal = {ACM Transactions on Internet Technology},
    year    = {2023},
    volume  = {23},
    number  = {4},
    pages   = {1--20},
    url     = {https://doi.org/10.1145/3589985}
}

@article{Li2024,
    author  = {Li, X. and Zhou, Y. and Wang, L.},
    title   = {Zero‑Shot Web Scraping with GPT Models},
    journal = {Proceedings of ACL},
    year    = {2024},
    pages   = {2000--2012},
    url     = {https://aclanthology.org/2024.acl-main.180}
}

@article{Dong2022CacheLLM,
    author  = {Dong, A. and Sun, B.},
    title   = {Accelerating LLM‑based Code Generation through Caching Strategies},
    journal = {ACM Transactions on Software Engineering},
    year    = {2022},
    volume  = {48},
    number  = {1},
    pages   = {1--23},
    doi     = {10.1145/3458765}
}

@article{Kolluru2023HybridParsing,
    author  = {Kolluru, R. and Li, X. and Zhang, Y.},
    title   = {Hybrid Web Scraping with LLM Assistance},
    journal = {International Journal of Web Engineering},
    year    = {2023},
    volume  = {20},
    number  = {2},
    pages   = {150--167},
    url     = {https://www.ijwe.org/vol20/iss2/kolluru}
}

@article{OpenAI2023Costs,
    author  = {OpenAI},
    title   = {GPT‑3 API Usage and Cost Guidelines},
    journal = {OpenAI Technical Report},
    year    = {2023},
    url     = {https://openai.com/research/gpt-3-costs}
}

@online{W3Techs2024,
    author   = {W3Techs},
    title    = {Usage Statistics of JavaScript Frameworks},
    url      = {https://w3techs.com/technologies/overview/javascript_library},
    year     = {2024},
    language = {english}
}

@article{Reimers2019,
    author  = {Reimers, Nils and Gurevych, Iryna},
    title   = {Sentence‑BERT: Sentence Embeddings using Siamese BERT‑Networks},
    journal = {Proceedings of EMNLP},
    year    = {2019},
    pages   = {3982--3992},
    url     = {https://arxiv.org/abs/1908.10084}
}

@online{ChromaDBDocumentation,
    author   = {ChromaDB Developers},
    title    = {ChromaDB: A Hybrid Vector Database},
    url      = {https://docs.chromadb.com/},
    year     = {2024},
    language = {english}
}

@online{StatisticsStackOverflow2023,
    author   = {Stack Overflow},
    title    = {Stack Overflow Developer Survey 2023},
    url      = {https://survey.stackoverflow.co/2023/},
    year     = {2023},
    language = {english},
    note     = {Survey fielded from 89,184 respondents between May 8-19, 2023}
}

@article{Richardson2013,
    author  = {Richardson, Leonard},
    title   = {Beautiful Soup Documentation and Best Practices},
    journal = {Python Documentation},
    year    = {2013},
    note    = {\url{https://www.crummy.com/software/BeautifulSoup/bs4/doc/}}
}

@article{MozillaWebScraping2022,
    author  = {Smith, J. and Kumar, R.},
    title   = {Handling Dynamic Content: A Case Study with Mozilla and Selenium},
    journal = {Web Automation Journal},
    year    = {2022},
    volume  = {5},
    number  = {2},
    pages   = {100--115},
    url     = {https://www.webautojournal.org/vol5/iss2/smith}
}

@article{PatilWebScraping2021,
    author  = {Patil, S. and Gupta, A.},
    title   = {Modern Web Scraping with Selenium and Headless Browsers},
    journal = {International Journal of Web Technology},
    year    = {2021},
    volume  = {12},
    number  = {1},
    pages   = {45--58},
    url     = {https://www.ijwt.org/vol12/iss1/patil}
}
